@article{abramowitz2001,
  title   = {Paradoxical effects of thought suppression: A meta-analysis of controlled studies},
  author  = {Abramowitz, Jonathan S and Tolin, David F and Street, Gordon P},
  year    = {2001},
  month   = {7},
  journal = {Clinical Psychology Review},
  volume  = {21},
  number  = {5},
  pages   = {683--703},
  doi     = {10.1016/S0272-7358(00)00057-X},
}

@article{alcaraz-sanchez2022,
  title   = {Nothingness is all there is: An exploration of objectless awareness during sleep},
  author  = {Alcaraz-S\'anchez, Adriana and Dem\v{s}ar, Ema and Campillo-Ferrer, Teresa and Torres-Platas, Susana Gabriela},
  year    = {2022},
  month   = {6},
  journal = {Frontiers in Psychology},
  volume  = {13},
  pages   = {901031},
  doi     = {10.3389/fpsyg.2022.901031},
}

@article{alcaraz-sanchez2023,
  title   = {Awareness in the void: A micro-phenomenological exploration of conscious dreamless sleep},
  author  = {Alcaraz-Sanchez, Adriana},
  year    = {2023},
  month   = {9},
  journal = {Phenomenology and The Cognitive Sciences},
  volume  = {22},
  number  = {4},
  pages   = {867--905},
  doi     = {10.1007/s11097-021-09743-0},
}

@article{alperin2021,
  title   = {More than off-task: Increased freely-moving thought in {ADHD}},
  author  = {Alperin, Brittany R and Christoff, Kalina and Mills, Caitlin and Karalunas, Sarah L},
  year    = {2021},
  month   = {8},
  journal = {Consciousness and Cognition},
  volume  = {93},
  pages   = {103156},
  doi     = {10.1016/j.concog.2021.103156},
}

@article{baird2019,
  title   = {The cognitive neuroscience of lucid dreaming},
  author  = {Baird, Benjamin and Mota-Rolim, Sergio A and Dresler, Martin},
  year    = {2019},
  month   = {5},
  journal = {Neuroscience \& Biobehavioral Reviews},
  volume  = {100},
  pages   = {305--323},
  doi     = {10.1016/j.neubiorev.2019.03.008},
}

@article{baird2022,
  title   = {Episodic thought distinguishes spontaneous cognition in waking from {REM} and {NREM} Sleep},
  author  = {Baird, Benjamin and Aparicio, Mariel Kalkach and Alauddin, Tariq and Riedner, Brady and Boly, Melanie and Tononi, Giulio},
  year    = {2022},
  month   = {1},
  journal = {Consciousness and Cognition},
  volume  = {97},
  pages   = {103247},
  doi     = {10.1016/j.concog.2021.103247},
}

@article{bakdash2017,
  title   = {Repeated measures correlation},
  author  = {Bakdash, Jonathan Z and Marusich, Laura R},
  year    = {2017},
  month   = {4},
  journal = {Frontiers in Psychology},
  volume  = {8},
  pages   = {456},
  doi     = {10.3389/fpsyg.2017.00456},
}

@article{bedi2015,
  title   = {Automated analysis of free speech predicts psychosis onset in high-risk youths},
  author  = {Bedi, Gillinder and Carrillo, Facundo and Cecchi, Guillermo A and Slezak, Diego Fern\'andez and Sigman, Mariano and Mota, Nat\'alia B and Ribeiro, Sidarta and Javitt, Daniel C and Copelli, Mauro and Corcoran, Cheryl M},
  year    = {2015},
  month   = {8},
  journal = {npj Schizophrenia},
  volume  = {1},
  number  = {1},
  pages   = {15030},
  doi     = {10.1038/npjschz.2015.30},
}

@article{brosowsky2021,
  title   = {Thought dynamics under task demands: Evaluating the influence of task difficulty on unconstrained thought},
  author  = {Brosowsky, Nicholaus P and Murray, Samuel and Schooler, Jonathan W and Seli, Paul},
  year    = {2021},
  month   = {9},
  journal = {Journal of Experimental Psychology: Human Perception and Performance},
  volume  = {47},
  number  = {9},
  pages   = {1298--1312},
  doi     = {10.1037/xhp0000944},
  address = {US},
}

@article{carr2016,
  title   = {Intensified daydreams and nap dreams in frequent nightmare sufferers},
  author  = {Carr, Michelle and Blanchette-Carri\`ere, Clo\'e and Solomonova, Elizaveta and Paquette, Tyna and Nielsen, Tore},
  year    = {2016},
  month   = {6},
  journal = {Dreaming},
  volume  = {26},
  number  = {2},
  pages   = {119--131},
  doi     = {10.1037/drm0000024},
}

@article{christoff2016,
  title   = {Mind-wandering as spontaneous thought: A dynamic framework},
  author  = {Christoff, Kalina and Irving, Zachary C and Fox, Kieran C R and Spreng, R Nathan and Andrews-Hanna, Jessica R},
  year    = {2016},
  month   = {11},
  journal = {Nature Reviews Neuroscience},
  volume  = {17},
  number  = {11},
  pages   = {718--731},
  doi     = {10.1038/nrn.2016.113},
}

@article{corcoran2020,
  title   = {Language as a biomarker for psychosis: A natural language processing approach},
  author  = {Corcoran, Cheryl M and Mittal, Vijay A and Bearden, Carrie E and E. Gur, Raquel and Hitczenko, Kasia and Bilgrami, Zarina and Savic, Aleksandar and Cecchi, Guillermo A and Wolff, Phillip},
  year    = {2020},
  month   = {12},
  journal = {Schizophrenia Research},
  volume  = {226},
  pages   = {158--166},
  doi     = {10.1016/j.schres.2020.04.032},
}

@article{corcoran2020a,
  title   = {Using language processing and speech analysis for the identification of psychosis and other disorders},
  author  = {Corcoran, Cheryl Mary and Cecchi, Guillermo A},
  year    = {2020},
  month   = {8},
  journal = {Biological Psychiatry: Cognitive Neuroscience and Neuroimaging},
  volume  = {5},
  number  = {8},
  pages   = {770--779},
  doi     = {10.1016/j.bpsc.2020.06.004},
}

@article{deboer2018,
  title   = {Clinical use of semantic space models in psychiatry and neurology: A systematic review and meta-analysis},
  author  = {de Boer, JN and Voppel, AE and Begemann, MJH and Schnack, HG and Wijnen, F and Sommer, IEC},
  year    = {2018},
  month   = {10},
  journal = {Neuroscience \& Biobehavioral Reviews},
  volume  = {93},
  pages   = {85--92},
  doi     = {10.1016/j.neubiorev.2018.06.008},
}

@article{dijkstra2022,
  title   = {Perceptual reality monitoring: Neural mechanisms dissociating imagination from reality},
  author  = {Dijkstra, Nadine and Kok, Peter and Fleming, Stephen M},
  year    = {2022},
  month   = {4},
  journal = {Neuroscience \& Biobehavioral Reviews},
  volume  = {135},
  pages   = {104557},
  doi     = {10.1016/j.neubiorev.2022.104557},
}

@online{dreamviews,
  title        = {Dream Journals},
  url          = {https://www.dreamviews.com/blogs},
  organization = {Dream Views},
  publisher    = {Dream Views},
  urldate      = {2021-11-24},
}

@article{dresler2011,
  title   = {Dreamed movement elicits activation in the sensorimotor cortex},
  author  = {Dresler, Martin and Koch, Stefan P and Wehrle, Renate and Spoormaker, Victor I and Holsboer, Florian and Steiger, Axel and S\"amann, Philipp G and Obrig, Hellmuth and Czisch, Michael},
  year    = {2011},
  month   = {11},
  journal = {Current Biology},
  volume  = {21},
  number  = {21},
  pages   = {1833--1837},
  doi     = {10.1016/j.cub.2011.09.029},
}

@article{elvevag2007,
  title   = {Quantifying incoherence in speech: An automated methodology and novel application to schizophrenia},
  author  = {Elvev{\aa}g, Brita and Foltz, Peter W and Weinberger, Daniel R and Goldberg, Terry E},
  year    = {2007},
  month   = {7},
  journal = {Schizophrenia Research},
  volume  = {93},
  number  = {1-3},
  pages   = {304--316},
  doi     = {10.1016/j.schres.2007.03.001},
}

@article{feliu-soler2019,
  title   = {Fifteen years controlling unwanted thoughts: A systematic review of the thought control ability questionnaire ({TCAQ})},
  author  = {Feliu-Soler, Albert and P\'erez-Aranda, Adri\'an and Montero-Mar\'in, Jes\'us and Herrera-Mercadal, Paola and Andr\'es-Rodr\'iguez, Laura and Angarita-Osorio, Natalia and Williams, Alishia D and Luciano, Juan V},
  year    = {2019},
  month   = {6},
  journal = {Frontiers in Psychology},
  volume  = {10},
  pages   = {1446},
  doi     = {10.3389/fpsyg.2019.01446},
}

@article{gross2021,
  title   = {Comparing the phenomenological qualities of stimulus-independent thought, stimulus-dependent thought and dreams using experience sampling},
  author  = {Gross, ME and Smith, AP and Graveline, YM and Beaty, RE and Schooler, JW and Seli, P},
  year    = {2021},
  month   = {2},
  journal = {Philosophical Transactions of The Royal Society B},
  volume  = {376},
  number  = {1817},
  pages   = {20190694},
  doi     = {10.1098/rstb.2019.0694},
}

@article{kam2021,
  title   = {Distinct electrophysiological signatures of task-unrelated and dynamic thoughts},
  author  = {Kam, Julia W Y and Irving, Zachary C and Mills, Caitlin and Patel, Shawn and Gopnik, Alison and Knight, Robert T},
  year    = {2021},
  month   = {1},
  journal = {Proceedings of the National Academy of Sciences},
  volume  = {118},
  number  = {4},
  pages   = {e2011796118},
  doi     = {10.1073/pnas.2011796118},
}

@article{kane2007,
  title   = {For whom the mind wanders, and when: An experience-sampling study of working memory and executive control in daily life},
  author  = {Kane, Michael J and Brown, Leslie H and McVay, Jennifer C and Silvia, Paul J and Myin-Germeys, Inez and Kwapil, Thomas R},
  year    = {2007},
  month   = {7},
  journal = {Psychological Science},
  volume  = {18},
  number  = {7},
  pages   = {614--621},
  doi     = {10.1111/j.1467-9280.2007.01948.x},
}

@article{kirberg2022,
  title   = {Neurocognitive dynamics of spontaneous offline simulations: Re-conceptualizing (dream) bizarreness},
  author  = {Kirberg, Manuela},
  year    = {2022},
  month   = {2},
  journal = {Philosophical Psychology},
  volume  = {0},
  number  = {0},
  pages   = {1--30},
  doi     = {10.1080/09515089.2022.2042231},
}

@article{konkoly2021,
  title   = {Real-time Dialogue between experimenters and dreamers during {REM} sleep},
  author  = {Konkoly, Karen R and Appel, Kristoffer and Chabani, Emma and Mangiaruga, Anastasia and Gott, Jarrod and Mallett, Remington and Caughran, Bruce and Witkowski, Sarah and Whitmore, Nathan W. and Mazurek, Christopher Y and Berent, Jonathan B and Weber, Frederik D and T\"urker, Ba\c{s}ak and Leu-Semenescu, Smaranda and Maranci, Jean-Baptiste and Pipa, Gordon and Arnulf, Isabelle and Oudiette, Delphine and Dresler, Martin and Paller, Ken A},
  year    = {2021},
  month   = {4},
  journal = {Current Biology},
  volume  = {31},
  number  = {7},
  pages   = {1417-1427.e6},
  doi     = {10.1016/j.cub.2021.01.026},
}

@article{laberge2018,
  title   = {Pre-sleep treatment with galantamine stimulates lucid dreaming: A double-blind, placebo-controlled, crossover study},
  author  = {LaBerge, Stephen and LaMarca, Kristen and Baird, Benjamin},
  year    = {2018},
  month   = {8},
  journal = {PLOS One},
  volume  = {13},
  number  = {8},
  pages   = {e0201246},
  doi     = {10.1371/journal.pone.0201246},
}

@article{li2021,
  title   = {Exploring self-generated thoughts in a resting state with natural language processing},
  author  = {Li, Hui-Xian and Lu, Bin and Chen, Xiao and Li, Xue-Ying and Castellanos, Francisco Xavier and Yan, Chao-Gan},
  year    = {2021},
  month   = {10},
  journal = {Behavior Research Methods},
  volume  = {54},
  number  = {4},
  pages   = {1725--1743},
  doi     = {10.3758/s13428-021-01710-6},
}

@article{li2023,
  title   = {Neural representations of self-generated thought during think-aloud {fMRI}},
  author  = {Li, Hui-Xian and Lu, Bin and Wang, Yu-Wei and Li, Xue-Ying and Chen, Xiao and Yan, Chao-Gan},
  year    = {2023},
  month   = {1},
  journal = {Neuroimage},
  volume  = {265},
  pages   = {119775},
  doi     = {10.1016/j.neuroimage.2022.119775},
}

@article{mallett2021,
  title   = {Exploring the range of reported dream lucidity},
  author  = {Mallett, Remington and Carr, Michelle and Freegard, Martin and Konkoly, Karen and Bradshaw, Ceri and Schredl, Michael},
  year    = {2021},
  month   = {4},
  journal = {Philosophy and the Mind Sciences},
  volume  = {2},
  number  = {1},
  pages   = {1--23},
  doi     = {10.33735/phimisci.2021.63},
}

@article{mallett2022,
  title   = {Benefits and concerns of seeking and experiencing lucid dreams: Benefits are tied to successful induction and dream control},
  author  = {Mallett, Remington and Sowin, Laura and Raider, Rachel and Konkoly, Karen R and Paller, Ken A},
  year    = {2022},
  month   = {1},
  journal = {SLEEP Advances},
  volume  = {3},
  number  = {1},
  pages   = {zpac027},
  doi     = {10.1093/sleepadvances/zpac027},
}

@article{mildner2019,
  title   = {Spontaneous thought as an unconstrained memory process},
  author  = {Mildner, Judith N and Tamir, Diana I},
  year    = {2019},
  month   = {11},
  journal = {Trends in Neurosciences},
  volume  = {42},
  number  = {11},
  pages   = {763--777},
  doi     = {10.1016/j.tins.2019.09.001},
}

@article{mildner2024,
  title   = {Why do we think? The dynamics of spontaneous thought reveal its functions},
  author  = {Mildner, Judith N and Tamir, Diana I},
  year    = {2024},
  month   = {5},
  journal = {PNAS Nexus},
  volume  = {3},
  number  = {6},
  pages   = {pgae230},
  doi     = {10.1093/pnasnexus/pgae230},
}

@book{mills2018,
  title     = {Why the mind wanders: How spontaneous thought's default variability may support episodic efficiency and semantic optimization},
  author    = {Mills, Caitlin and Herrera-Bennett, Arianne and Faber, Myrthe and Christoff, Kalina},
  year      = {2018},
  month     = {4},
  volume    = {1},
  doi       = {10.1093/oxfordhb/9780190464745.013.42},
  address   = {New York, NY},
  booktitle = {The Oxford Handbook of Spontaneous Thought: Mind-Wandering, Creativity, and Dreaming},
  editor    = {Fox, Kieran C R and Christoff, Kalina},
  publisher = {Oxford University Press},
}

@article{mills2018a,
  title   = {Is an off-task mind a freely-moving mind? Examining the relationship between different dimensions of thought},
  author  = {Mills, Caitlin and Raffaelli, Quentin and Irving, Zachary C and Stan, Dylan and Christoff, Kalina},
  year    = {2018},
  month   = {2},
  journal = {Consciousness and Cognition},
  volume  = {58},
  pages   = {20--33},
  doi     = {10.1016/j.concog.2017.10.003},
}

@article{mills2021,
  title   = {How task-unrelated and freely moving thought relate to affect: Evidence for dissociable patterns in everyday life},
  author  = {Mills, Caitlin and Porter, Andrew R and Andrews-Hanna, Jessica R and Christoff, Kalina and Colby, Alexander},
  year    = {2021},
  month   = {8},
  journal = {Emotion},
  volume  = {21},
  number  = {5},
  pages   = {1029--1040},
  doi     = {10.1037/emo0000849},
}

@misc{montani2023,
  title  = {{spaCy}: Industrial-strength natural language processing in {Python}},
  author = {Montani, Ines and Honnibal, Matthew and Honnibal, Matthew and Boyd, Adriane and Landeghem, Sofie Van and Peters, Henning},
  year   = {2023},
  doi    = {10.5281/zenodo.10009823},
}

@article{mota-rolim2013,
  title   = {Dream characteristics in a {Brazilian} sample: An online survey focusing on lucid dreaming},
  author  = {Mota-Rolim, S\'ergio A and Targino, Z\'e H and Souza, Bryan C. and Blanco, Wilfredo and Araujo, John F and Ribeiro, Sidarta},
  year    = {2013},
  journal = {Frontiers in Human Neuroscience},
  volume  = {7},
  pages   = {836},
  doi     = {10.3389/fnhum.2013.00836},
}

@article{nielsen2017,
  title   = {Microdream neurophenomenology},
  author  = {Nielsen, Tore},
  year    = {2017},
  month   = {1},
  journal = {Neuroscience of Consciousness},
  volume  = {2017},
  number  = {1},
  pages   = {nix001},
  doi     = {10.1093/nc/nix001},
}

@article{pashler2001,
  title   = {Attention and performance},
  author  = {Pashler, Harold and Johnston, James C and Ruthruff, Eric},
  year    = {2001},
  month   = {2},
  journal = {Annual Review of Psychology},
  volume  = {52},
  number  = {1},
  pages   = {629--651},
  doi     = {10.1146/annurev.psych.52.1.629},
}

@article{perogamvros2017,
  title   = {The phenomenal contents and neural correlates of spontaneous thoughts across wakefulness, {NREM} sleep, and {REM} sleep},
  author  = {Perogamvros, Lampros and Baird, Benjamin and Seibold, Mitja and Riedner, Brady and Boly, Melanie and Tononi, Giulio},
  year    = {2017},
  month   = {10},
  journal = {Journal of Cognitive Neuroscience},
  volume  = {29},
  number  = {10},
  pages   = {1766--1777},
  doi     = {10.1162/jocn_a_01155},
}

@article{raffaelli2021,
  title   = {The think aloud paradigm reveals differences in the content, dynamics and conceptual scope of resting state thought in trait brooding},
  author  = {Raffaelli, Quentin and Mills, Caitlin and De Stefano, Nadia-Anais and Mehl, Matthias R and Chambers, Kate and Fitzgerald, Surya A and Wilcox, Ramsey and Christoff, Kalina and Andrews, Eric S and Grilli, Matthew D and O'Connor, Mary-Frances and Andrews-Hanna, Jessica R},
  year    = {2021},
  month   = {9},
  journal = {Scientific Reports},
  volume  = {11},
  number  = {1},
  pages   = {19362},
  doi     = {10.1038/s41598-021-98138-x},
}

@article{rosen2013,
  title   = {What I make up when I wake up: Anti-experience views and narrative fabrication of dreams},
  author  = {Rosen, Melanie G},
  year    = {2013},
  journal = {Frontiers in Psychology},
  volume  = {4},
  number  = {514},
  doi     = {10.3389/fpsyg.2013.00514},
}

@article{sandell2024,
  title   = {Intentionally awakening from sleep through lucid dreaming},
  author  = {Sandell, Cameron and Stumbrys, Tadas and Paller, Ken A and Mallett, Remington},
  year    = {2024},
  month   = {6},
  journal = {Current Psychology},
  volume  = {43},
  number  = {21},
  pages   = {19236--19245},
  doi     = {10.1007/s12144-024-05718-x},
}

@article{saunders2016,
  title   = {Lucid dreaming incidence: A quality effects meta-analysis of 50 years of research},
  author  = {Saunders, David T and Roe, Chris A and Smith, Graham and Clegg, Helen},
  year    = {2016},
  month   = {7},
  journal = {Consciousness and Cognition},
  volume  = {43},
  pages   = {197--215},
  doi     = {10.1016/j.concog.2016.06.002},
}

@article{schredl2018,
  title   = {Measuring lucid dreaming skills: A new questionnaire ({LUSK})},
  author  = {Schredl, Michael and Rieger, Janine and G\"oritz, Anja S},
  year    = {2018},
  journal = {International Journal of Dream Research},
  volume  = {11},
  number  = {1},
  pages   = {54--61},
  doi     = {10.11588/ijodr.2018.1.44040},
}

@article{schredl2022,
  title   = {Differences between lucid and nonlucid dream reports: A within-subjects design},
  author  = {Schredl, Michael and Fuchs, Carla and Mallett, Remington},
  year    = {2022},
  month   = {12},
  journal = {Dreaming},
  volume  = {32},
  number  = {4},
  pages   = {345--352},
  doi     = {10.1037/drm0000199},
}

@article{sebastian2014,
  title   = {Dreams: An empirical way to settle the discussion between cognitive and non-cognitive theories of consciousness},
  author  = {Sebasti\'an, Miguel \'Angel},
  year    = {2014},
  month   = {1},
  journal = {Synthese},
  volume  = {191},
  number  = {2},
  pages   = {263--285},
  doi     = {10.1007/s11229-013-0385-y},
}

@article{shiffman2008,
  title   = {Ecological momentary assessment},
  author  = {Shiffman, Saul and Stone, Arthur A and Hufford, Michael R},
  year    = {2008},
  journal = {Annual Review of Clinical Psychology},
  volume  = {4},
  number  = {1},
  pages   = {1--32},
  doi     = {10.1146/annurev.clinpsy.3.022806.091415},
}

@article{siclari2013,
  title   = {Assessing sleep consciousness within subjects using a serial awakening paradigm},
  author  = {Siclari, Francesca and LaRocque, Joshua J and Postle, Bradley R and Tononi, Giulio},
  year    = {2013},
  journal = {Frontiers in Psychology},
  volume  = {4},
  number  = {542},
  doi     = {10.3389/fpsyg.2013.00542},
}

@article{smallwood2009,
  title   = {Shifting moods, wandering minds: Negative moods lead the mind to wander},
  author  = {Smallwood, Jonathan and Fitzgerald, Annamay and Miles, Lynden K and Phillips, Louise H},
  year    = {2009},
  month   = {4},
  journal = {Emotion},
  volume  = {9},
  number  = {2},
  pages   = {271--276},
  doi     = {10.1037/a0014855},
}

@incollection{solomonova2022,
  title     = {The role of attention and intention in dreams},
  author    = {Solomonova, Elizaveta and Carr, Michelle},
  year      = {2022},
  month     = {2},
  pages     = {163--188},
  doi       = {10.1515/9783110647242-008},
  address   = {Berlin, Boston},
  booktitle = {Access and Mediation: Transdisciplinary Perspectives on Attention},
  editor    = {Wehrle, Maren and D'Angelo, Diego and Solomonova, Elizaveta},
  publisher = {De Gruyter Saur},
}

@article{sripada2020,
  title   = {Structure in the stream of consciousness: Evidence from a verbalized thought protocol and automated text analytic methods},
  author  = {Sripada, Chandra and Taxali, Aman},
  year    = {2020},
  month   = {10},
  journal = {Consciousness and Cognition},
  volume  = {85},
  pages   = {103007},
  doi     = {10.1016/j.concog.2020.103007},
}

@article{stumbrys2014,
  title   = {The phenomenology of lucid dreaming: An online survey},
  author  = {Stumbrys, Tadas and Erlacher, Daniel and Johnson, Miriam and Schredl, Michael},
  year    = {2014},
  month   = {7},
  journal = {American Journal of Psychology},
  volume  = {127},
  number  = {2},
  pages   = {191--204},
  doi     = {10.5406/amerjpsyc.127.2.0191},
}

@article{stumbrys2017,
  title   = {Mindfulness and lucid dream frequency predicts the ability to control lucid dreams},
  author  = {Stumbrys, Tadas and Erlacher, Daniel},
  year    = {2017},
  month   = {3},
  journal = {Imagination, Cognition and Personality},
  volume  = {36},
  number  = {3},
  pages   = {229--239},
  doi     = {10.1177/0276236616683388},
}

@article{tononi2024,
  title   = {Consciousness and sleep},
  author  = {Tononi, Giulio and Boly, Melanie and Cirelli, Chiara},
  year    = {2024},
  month   = {5},
  journal = {Neuron},
  volume  = {112},
  number  = {10},
  pages   = {1568--1594},
  doi     = {10.1016/j.neuron.2024.04.011},
}

@online{tracy2021,
  title        = {Haiku Competition 2021},
  author       = {Davidson, Tracy},
  year         = {2021},
  month        = {8},
  day          = {3},
  url          = {https://classicalpoets.org/2021/07/28/haiku-competition-2021/#comment-479800},
  note         = {(Comment on)},
  organization = {The Society of Classical Poets},
  publisher    = {The Society of Classical Poets},
  urldate      = {2024-12-12},
}

@article{turker2023,
  title   = {Behavioral and brain responses to verbal stimuli reveal transient periods of cognitive integration of the external world during sleep},
  author  = {T\"urker, Ba\c{s}ak and Musat, Esteban Munoz and Chabani, Emma and Fonteix-Galet, Alexandrine and Maranci, Jean-Baptiste and Wattiez, Nicolas and Pouget, Pierre and Sitt, Jacobo and Naccache, Lionel and Arnulf, Isabelle and Oudiette, Delphine},
  year    = {2023},
  month   = {11},
  journal = {Nature Neuroscience},
  volume  = {26},
  number  = {11},
  pages   = {1981--1993},
  doi     = {10.1038/s41593-023-01449-7},
}

@article{vallat2018,
  title   = {Pingouin: Statistics in {Python}},
  author  = {Vallat, Raphael},
  year    = {2018},
  month   = {11},
  journal = {Journal of Open Source Software},
  volume  = {3},
  number  = {31},
  pages   = {1026},
  doi     = {10.21105/joss.01026},
}

@article{vandendriessche2017,
  title   = {Attentional lapses in attention-deficit/hyperactivity disorder: Blank rather than wandering thoughts},
  author  = {Van Den Driessche, Charlotte and Bastian, Mika\"el and Peyre, Hugo and Stordeur, Coline and Acquaviva, \'Eric and Bahadori, Sara and Delorme, Richard and Sackur, J\'er\^ome},
  year    = {2017},
  month   = {10},
  journal = {Psychological Science},
  volume  = {28},
  number  = {10},
  pages   = {1375--1386},
  doi     = {10.1177/0956797617708234},
}

@article{vangenugten2024,
  title   = {Automated scoring of the autobiographical interview with natural language processing},
  author  = {van Genugten, Ruben DI and Schacter, Daniel L},
  year    = {2024},
  month   = {1},
  journal = {Behavior Research Methods},
  volume  = {56},
  number  = {3},
  pages   = {2243--2259},
  doi     = {10.3758/s13428-023-02145-x},
}

@article{vargha2000,
  title   = {A critique and improvement of the {CL} common language effect size statistics of {McGraw} and {Wong}},
  author  = {Vargha, Andr\'as and Delaney, Harold D},
  year    = {2000},
  month   = {6},
  journal = {Journal of Educational and Behavioral Statistics},
  volume  = {25},
  number  = {2},
  pages   = {101--132},
  doi     = {10.3102/10769986025002101},
}

@article{voss2012,
  title   = {Lucid dreaming: An age-dependent brain dissociation},
  author  = {Voss, Ursula and Frenzel, Clemens and Koppehele-Gossel, Judith and Hobson, Allan},
  year    = {2012},
  month   = {12},
  journal = {Journal of Sleep Research},
  volume  = {21},
  number  = {6},
  pages   = {634--642},
  doi     = {10.1111/j.1365-2869.2012.01022.x},
}

@article{voss2013,
  title   = {Measuring consciousness in dreams: The lucidity and consciousness in dreams scale},
  author  = {Voss, Ursula and Schermelleh-Engel, Karin and Windt, Jennifer and Frenzel, Clemens and Hobson, Allan},
  year    = {2013},
  month   = {3},
  journal = {Consciousness and Cognition},
  volume  = {22},
  number  = {1},
  pages   = {8--21},
  doi     = {10.1016/j.concog.2012.11.001},
}

@article{windt2010,
  title   = {The immersive spatiotemporal hallucination model of dreaming},
  author  = {Windt, Jennifer M},
  year    = {2010},
  month   = {6},
  journal = {Phenomenology and The Cognitive Sciences},
  volume  = {9},
  number  = {2},
  pages   = {295--316},
  doi     = {10.1007/s11097-010-9163-1},
}

@article{windt2013,
  title   = {Reporting dream experience: Why (not) to be skeptical about dream reports},
  author  = {Windt, Jennifer M},
  year    = {2013},
  journal = {Frontiers in Human Neuroscience},
  volume  = {7},
  number  = {708},
  doi     = {10.3389/fnhum.2013.00708},
}

@article{windt2016,
  title   = {Does consciousness disappear in dreamless sleep?},
  author  = {Windt, Jennifer M and Nielsen, Tore and Thompson, Evan},
  year    = {2016},
  month   = {12},
  journal = {Trends in Cognitive Sciences},
  volume  = {20},
  number  = {12},
  pages   = {871--882},
  doi     = {10.1016/j.tics.2016.09.006},
}

@incollection{windt2018,
  title     = {Spontaneous thought, insight, and control in lucid dreams},
  author    = {Windt, Jennifer M and Voss, Ursula},
  year      = {2018},
  month     = {4},
  pages     = {385--410},
  doi       = {10.1093/oxfordhb/9780190464745.013.26},
  address   = {New York, NY},
  booktitle = {The Oxford Handbook of Spontaneous Thought: Mind-Wandering, Creativity, and Dreaming},
  editor    = {Fox, Kieran C R and Christoff, Kalina},
  publisher = {Oxford University Press},
}

@article{windt2021,
  title   = {How deep is the rift between conscious states in sleep and wakefulness? Spontaneous experience over the sleep--wake cycle},
  author  = {Windt, Jennifer M},
  year    = {2021},
  month   = {2},
  journal = {Philosophical Transactions of The Royal Society B},
  volume  = {376},
  number  = {1817},
  pages   = {20190696},
  doi     = {10.1098/rstb.2019.0696},
}

@article{woods2024,
  title   = {Evidence synthesis indicates contentless experiences in meditation are neither truly contentless nor identical},
  author  = {Woods, Toby J and Windt, Jennifer M and Carter, Olivia},
  year    = {2024},
  month   = {4},
  journal = {Phenomenology and The Cognitive Sciences},
  volume  = {23},
  number  = {2},
  pages   = {253--304},
  doi     = {10.1007/s11097-022-09811-z},
}
